<record>
  <leader>01754nam a2200397 a 4500</leader>
  <controlfield tag="001">9978891217703681</controlfield>
  <controlfield tag="005">20220926102527.0</controlfield>
  <controlfield tag="007">ta</controlfield>
  <controlfield tag="008">100319s2010 ii g 000 j panod</controlfield>
  <datafield tag="020" ind1=" " ind2=" ">
    <subfield code="a">8175381396</subfield>
  </datafield>
  <datafield tag="035" ind1=" " ind2=" ">
    <subfield code="a">(OCoLC)588518747</subfield>
  </datafield>
  <datafield tag="035" ind1=" " ind2=" ">
    <subfield code="a">(IiNdDKA)DKPAN-5926-HBD</subfield>
  </datafield>
  <datafield tag="040" ind1=" " ind2=" ">
    <subfield code="a">IiNdDKA</subfield>
    <subfield code="b">eng</subfield>
    <subfield code="c">IiNdDKA</subfield>
  </datafield>
  <datafield tag="041" ind1=" " ind2=" ">
    <subfield code="a">pan</subfield>
  </datafield>
  <datafield tag="046" ind1=" " ind2=" ">
    <subfield code="c">2010 </subfield>
  </datafield>
  <datafield tag="050" ind1=" " ind2="4">
    <subfield code="a">PK2659.R4</subfield>
    <subfield code="b">A63 2010</subfield>
  </datafield>
  <datafield tag="082" ind1="0" ind2="4">
    <subfield code="a">891.4237</subfield>
    <subfield code="2">22</subfield>
  </datafield>
  <datafield tag="100" ind1="1" ind2=" ">
    <subfield code="a">Rawindara Rawī.</subfield>
  </datafield>
  <datafield tag="245" ind1="1" ind2="0">
    <subfield code="6">880-01</subfield>
    <subfield code="a">Āpaṇe āpaṇe tāpū :</subfield>
    <subfield code="b">kahāṇī saṅgrahi : 1985-1992, Kaineḍā /</subfield>
    <subfield code="c">Rawindara Rawī.</subfield>
  </datafield>
  <datafield tag="880" ind1="1" ind2="0">
    <subfield code="6">245-01</subfield>
    <subfield code="a">ਆਪਣੇ ਆਪਣੇ ਤਾਪੂ :</subfield>
    <subfield code="b">ਕਹਾਣੀ ਸੰਗ੍ਰਹਿ : 1985-1992, ਕੈਨੇਡਾ /</subfield>
    <subfield code="c">ਰਵਿੰਦਰ ਰਵੀ.</subfield>
  </datafield>
  <datafield tag="246" ind1="1" ind2=" ">
    <subfield code="i">Title on t.p. verso in roman:</subfield>
    <subfield code="a">Aapne aapne tapu</subfield>
  </datafield>
  <datafield tag="246" ind1="1" ind2=" ">
    <subfield code="i">Title on t.p. verso:</subfield>
    <subfield code="a">Our own islands</subfield>
  </datafield>
  <datafield tag="250" ind1=" " ind2=" ">
    <subfield code="a">2nd ed.</subfield>
  </datafield>
  <datafield tag="260" ind1=" " ind2=" ">
    <subfield code="a">Chandigarh :</subfield>
    <subfield code="b">Lokgeet Parkashan,</subfield>
    <subfield code="c">2010.</subfield>
  </datafield>
  <datafield tag="264" ind1=" " ind2="1">
    <subfield code="a">Chandigarh : Lokgeet Parkashan, ,</subfield>
    <subfield code="c">2010 </subfield>
  </datafield>
  <datafield tag="300" ind1=" " ind2=" ">
    <subfield code="a">130 p. ;</subfield>
    <subfield code="c">23 cm.</subfield>
  </datafield>
  <datafield tag="336" ind1=" " ind2=" ">
    <subfield code="a">text</subfield>
    <subfield code="b">txt</subfield>
    <subfield code="2">rdacontent</subfield>
  </datafield>
  <datafield tag="337" ind1=" " ind2=" ">
    <subfield code="a">unmediated</subfield>
    <subfield code="b">n</subfield>
    <subfield code="2">rdamedia</subfield>
  </datafield>
  <datafield tag="338" ind1=" " ind2=" ">
    <subfield code="a">volume</subfield>
    <subfield code="b">nc</subfield>
    <subfield code="2">rdacarrier</subfield>
  </datafield>
  <datafield tag="500" ind1=" " ind2=" ">
    <subfield code="a">Short stories.</subfield>
  </datafield>
  <datafield tag="520" ind1=" " ind2=" ">
    <subfield code="a">Stories on social themes written between 1985 to 1992 in Canada;
      includes brief introduction about the book and life and works of the
      author.</subfield>
  </datafield>
  <datafield tag="546" ind1=" " ind2=" ">
    <subfield code="a">In Panjabi.</subfield>
  </datafield>
  <datafield tag="655" ind1=" " ind2="0">
    <subfield code="a">Short stories, Panjabi.</subfield>
  </datafield>
  <datafield tag="983" ind1=" " ind2=" ">
    <subfield code="a">DKPAN-5926</subfield>
    <subfield code="e">JFP</subfield>
    <subfield code="h">sou403868</subfield>
  </datafield>
  <datafield tag="984" ind1=" " ind2=" ">
    <subfield code="a">11.55</subfield>
  </datafield>
  <datafield tag="985" ind1=" " ind2=" ">
    <subfield code="a">vanp</subfield>
  </datafield>
</record>